<?xml version="1.0" encoding="UTF-8"?><collection xmlns="http://www.loc.gov/MARC21/slim"><record><leader>00502nam--2200181-i-4500</leader><controlfield tag="001">000040367</controlfield><controlfield tag="002">20161230</controlfield><controlfield tag="005">20161230201042</controlfield><controlfield tag="008">060222s1000------------r-----000-0-eng-d</controlfield><datafield ind1=" " ind2=" " tag="040"><subfield code="a">IFIN-HH</subfield></datafield><datafield ind1=" " ind2=" " tag="080"><subfield code="a">801.323.2=20=40:801.323.2=40=20</subfield></datafield><datafield ind1="1" ind2=" " tag="100"><subfield code="a">Petit, Ch</subfield></datafield><datafield ind1="1" ind2="0" tag="245"><subfield code="a">Dictionnaire classique anglais-francais et francais-anglais</subfield><subfield code="c">Ch. petit, w. savage</subfield></datafield><datafield ind1=" " ind2=" " tag="260"><subfield code="a">Paris</subfield><subfield code="b">Hachette</subfield><subfield code="c">1950</subfield></datafield><datafield ind1=" " ind2=" " tag="300"><subfield code="a">XVII + 717 P</subfield></datafield><datafield ind1="1" ind2=" " tag="700"><subfield code="a">Savage, W</subfield></datafield><datafield ind1=" " ind2=" " tag="852"><subfield code="a">D.71</subfield><subfield code="c">SLG</subfield></datafield><datafield ind1=" " ind2=" " tag="CAT"><subfield code="a">Sys</subfield><subfield code="c">20130306</subfield><subfield code="h">133600</subfield></datafield></record></collection>